<record><leader>00000cas a22000007a 4500</leader><controlfield tag="001">17740600</controlfield><controlfield tag="008">880406d18961898iauwr ne      0    0eng d</controlfield><datafield ind1=" " ind2=" " tag="010"><subfield code="a">sn 88059537 </subfield></datafield><datafield ind1=" " ind2=" " tag="040"><subfield code="a">INP</subfield><subfield code="b">eng</subfield><subfield code="c">INP</subfield><subfield code="d">OCLCQ</subfield></datafield><datafield ind1=" " ind2=" " tag="042"><subfield code="a">msc</subfield></datafield><datafield ind1="0" ind2="4" tag="245"><subfield code="a">The Grundy Center herald.</subfield></datafield><datafield ind1="1" ind2="3" tag="246"><subfield code="a">Grundy County herald</subfield></datafield><datafield ind1=" " ind2=" " tag="260"><subfield code="a">Grundy Center, Iowa :</subfield><subfield code="b">Hand &amp; Hunter,</subfield><subfield code="c">1896-</subfield></datafield><datafield ind1=" " ind2=" " tag="300"><subfield code="a">v.</subfield></datafield><datafield ind1=" " ind2=" " tag="310"><subfield code="a">Weekly</subfield></datafield><datafield ind1="0" ind2=" " tag="362"><subfield code="a">Vol. 9, no. 52 (Jan. 30, 1896)-</subfield></datafield><datafield ind1="1" ind2=" " tag="362"><subfield code="a">Ceased in 1898.</subfield></datafield><datafield ind1=" " ind2=" " tag="500"><subfield code="a">Publisher varies.</subfield></datafield><datafield ind1=" " ind2=" " tag="752"><subfield code="a">United States</subfield><subfield code="b">Iowa</subfield><subfield code="c">Grundy</subfield><subfield code="d">Grundy Center.</subfield></datafield><datafield ind1="0" ind2="0" tag="780"><subfield code="t">Grundy County herald</subfield><subfield code="w">(DLC)sn 88059536</subfield></datafield></record>